@book{slides,
    title = {LMECA2660 - Finite differences convection diffusion [Course notes]},
    author = {Winckelmans, G.},
    publisher = {EPL},
    year = {2018},
}

@book{slides2,
    title = {LMECA2660 - Time integration schemes [Course notes]},
    author = {Winckelmans, G.},
    publisher = {EPL},
    year = {2022},
}