@book{slides,
    title = {LMECA2660 - Finite differences convection diffusion [Course notes]},
    author = {Winckelmans, G.},
    publisher = {EPL},
    year = {2018},
}

@inproceedings{petsc-efficient,
  author    = {Satish Balay and William~D. Gropp and Lois Curfman McInnes and Barry~F. Smith},
  title     = {Efficient Management of Parallelism in Object Oriented Numerical Software Libraries},
  booktitle = {Modern Software Tools in Scientific Computing},
  editor    = {E. Arge and A.~M. Bruaset and H.~P. Langtangen},
  publisher = {Birkh{\"{a}}user Press},
  pages     = {163--202},
  year      = {1997}
}